@inproceedings{koh2020concept,
  title={Concept bottleneck models},
  author={Koh, Pang Wei and Nguyen, Thao and Tang, Yew Siang and Mussmann, Stephen and Pierson, Emma and Kim, Been and Liang, Percy},
  booktitle={International conference on machine learning},
  pages={5338--5348},
  year={2020},
  organization={PMLR}
}

@article{bullock2017synthesis,
  title={A synthesis of empirical plant dispersal kernels},
  author={Bullock, James M and Mallada Gonz{\'a}lez, Laura and Tamme, Riin and G{\"o}tzenberger, Lars and White, Steven M and P{\"a}rtel, Meelis and Hooftman, Danny AP},
  journal={Journal of Ecology},
  volume={105},
  number={1},
  pages={6--19},
  year={2017},
  publisher={Wiley Online Library}
}

@inproceedings{marcos2020contextual,
  title={Contextual semantic interpretability},
  author={Marcos, Diego and Fong, Ruth and Lobry, Sylvain and Flamary, R{\'e}mi and Courty, Nicolas and Tuia, Devis},
  booktitle={Proceedings of the Asian Conference on Computer Vision},
  year={2020}
}

@book{guisan2017habitat,
  title={Habitat suitability and distribution models: with applications in R},
  author={Guisan, Antoine and Thuiller, Wilfried and Zimmermann, Niklaus E},
  year={2017},
  publisher={Cambridge University Press}
}

@article{nelder1972generalized,
  title={Generalized linear models},
  author={Nelder, John Ashworth and Wedderburn, Robert WM},
  journal={Journal of the Royal Statistical Society Series A: Statistics in Society},
  volume={135},
  number={3},
  pages={370--384},
  year={1972},
  publisher={Oxford University Press}
}

@article{hastie1986generalized,
  title={Generalized additive models},
  author={Hastie, Trevor and Tibshirani, Robert},
  journal={Statistical science},
  volume={1},
  number={3},
  pages={297--310},
  year={1986},
  publisher={Institute of Mathematical Statistics}
}

@article{friedman1991multivariate,
  title={Multivariate adaptive regression splines},
  author={Friedman, Jerome H},
  journal={The annals of statistics},
  volume={19},
  number={1},
  pages={1--67},
  year={1991},
  publisher={Institute of Mathematical Statistics}
}

@article{hearst1998support,
  title={Support vector machines},
  author={Hearst, Marti A. and Dumais, Susan T and Osuna, Edgar and Platt, John and Scholkopf, Bernhard},
  journal={IEEE Intelligent Systems and their applications},
  volume={13},
  number={4},
  pages={18--28},
  year={1998},
  publisher={IEEE}
}

@article{lecun2015deep,
  title={Deep learning},
  author={LeCun, Yann and Bengio, Yoshua and Hinton, Geoffrey},
  journal={nature},
  volume={521},
  number={7553},
  pages={436--444},
  year={2015},
  publisher={Nature Publishing Group UK London}
}

@book{breiman2017classification,
  title={Classification and regression trees},
  author={Breiman, Leo and Friedman, Jerome and Olshen, Richard A and Stone, Charles J},
  year={2017},
  publisher={Routledge}
}

@article{elith2008working,
  title={A working guide to boosted regression trees},
  author={Elith, Jane and Leathwick, John R and Hastie, Trevor},
  journal={Journal of animal ecology},
  volume={77},
  number={4},
  pages={802--813},
  year={2008},
  publisher={Wiley Online Library}
}

@article{breiman2001random,
  title={Random forests},
  author={Breiman, Leo},
  journal={Machine learning},
  volume={45},
  pages={5--32},
  year={2001},
  publisher={Springer}
}

@article{phillips2017opening,
  title={Opening the black box: An open-source release of Maxent},
  author={Phillips, Steven J and Anderson, Robert P and Dud{\'\i}k, Miroslav and Schapire, Robert E and Blair, Mary E},
  journal={Ecography},
  volume={40},
  number={7},
  pages={887--893},
  year={2017},
  publisher={Wiley Online Library}
}

@article{thuiller2009biomod,
  title={BIOMOD--a platform for ensemble forecasting of species distributions},
  author={Thuiller, Wilfried and Lafourcade, Bruno and Engler, Robin and Ara{\'u}jo, Miguel B},
  journal={Ecography},
  volume={32},
  number={3},
  pages={369--373},
  year={2009},
  publisher={Wiley Online Library}
}

@article{valavi2018blockcv,
  title={blockCV: An r package for generating spatially or environmentally separated folds for k-fold cross-validation of species distribution models},
  author={Valavi, Roozbeh and Elith, Jane and Lahoz-Monfort, Jos{\'e} J and Guillera-Arroita, Gurutzeta},
  journal={Biorxiv},
  pages={357798},
  year={2018},
  publisher={Cold Spring Harbor Laboratory}
}

@article{roberts2017cross,
  title={Cross-validation strategies for data with temporal, spatial, hierarchical, or phylogenetic structure},
  author={Roberts, David R and Bahn, Volker and Ciuti, Simone and Boyce, Mark S and Elith, Jane and Guillera-Arroita, Gurutzeta and Hauenstein, Severin and Lahoz-Monfort, Jos{\'e} J and Schr{\"o}der, Boris and Thuiller, Wilfried and others},
  journal={Ecography},
  volume={40},
  number={8},
  pages={913--929},
  year={2017},
  publisher={Wiley Online Library}
}

@article{fitzpatrick2021odmap,
  title={The ODMAP protocol: a new tool for standardized reporting that could revolutionize species distribution modeling},
  author={Fitzpatrick, Matthew C and Lachmuth, Susanne and Haydt, Natalie T},
  journal={Ecography},
  volume={44},
  number={7},
  pages={1067--1070},
  year={2021},
  publisher={Wiley Online Library}
}

@article{zurell2020standard,
  title={A standard protocol for reporting species distribution models},
  author={Zurell, Damaris and Franklin, Janet and K{\"o}nig, Christian and Bouchet, Phil J and Dormann, Carsten F and Elith, Jane and Fandos, Guillermo and Feng, Xiao and Guillera-Arroita, Gurutzeta and Guisan, Antoine and others},
  journal={Ecography},
  volume={43},
  number={9},
  pages={1261--1277},
  year={2020},
  publisher={Wiley Online Library}
}

@article{thuiller2016package,
  title={Package ‘biomod2’},
  author={Thuiller, Wilfried and Georges, Damien and Engler, Robin and Breiner, Frank and Georges, Maintainer Damien and Thuiller, Contact Wilfried},
  journal={Species distribution modeling within an ensemble forecasting framework},
  volume={10},
  pages={1600--0587},
  year={2016}
}

@article{hijmans2017package,
  title={Package ‘dismo’},
  author={Hijmans, Robert J and Phillips, Steven and Leathwick, John and Elith, Jane and Hijmans, Maintainer Robert J},
  journal={Circles},
  volume={9},
  number={1},
  pages={1--68},
  year={2017}
}

@article{warren2010enmtools,
  title={ENMTools: a toolbox for comparative studies of environmental niche models},
  author={Warren, Dan L and Glor, Richard E and Turelli, Michael},
  journal={Ecography},
  volume={33},
  number={3},
  pages={607--611},
  year={2010},
  publisher={Wiley Online Library}
}

@article{pollock2014understanding,
  title={Understanding co-occurrence by modelling species simultaneously with a Joint Species Distribution Model (JSDM)},
  author={Pollock, Laura J and Tingley, Reid and Morris, William K and Golding, Nick and O'Hara, Robert B and Parris, Kirsten M and Vesk, Peter A and McCarthy, Michael A},
  journal={Methods in Ecology and Evolution},
  volume={5},
  number={5},
  pages={397--406},
  year={2014},
  publisher={Wiley Online Library}
}

@article{harris2015generating,
  title={Generating realistic assemblages with a joint species distribution model},
  author={Harris, David J},
  journal={Methods in Ecology and Evolution},
  volume={6},
  number={4},
  pages={465--473},
  year={2015},
  publisher={Wiley Online Library}
}

@article{norberg2019comprehensive,
  title={A comprehensive evaluation of predictive performance of 33 species distribution models at species and community levels},
  author={Norberg, Anna and Abrego, Nerea and Blanchet, F Guillaume and Adler, Frederick R and Anderson, Barbara J and Anttila, Jani and Ara{\'u}jo, Miguel B and Dallas, Tad and Dunson, David and Elith, Jane and others},
  journal={Ecological monographs},
  volume={89},
  number={3},
  pages={e01370},
  year={2019},
  publisher={Wiley Online Library}
}

@book{ovaskainen2020joint,
  title={Joint species distribution modelling: With applications in R},
  author={Ovaskainen, Otso and Abrego, Nerea},
  year={2020},
  publisher={Cambridge University Press}
}

@article{warton2015so,
  title={So many variables: joint modeling in community ecology},
  author={Warton, David I and Blanchet, F Guillaume and O’Hara, Robert B and Ovaskainen, Otso and Taskinen, Sara and Walker, Steven C and Hui, Francis KC},
  journal={Trends in ecology \& evolution},
  volume={30},
  number={12},
  pages={766--779},
  year={2015},
  publisher={Elsevier}
}

@article{wilkinson2019comparison,
  title={A comparison of joint species distribution models for presence--absence data},
  author={Wilkinson, David P and Golding, Nick and Guillera-Arroita, Gurutzeta and Tingley, Reid and McCarthy, Michael A},
  journal={Methods in Ecology and Evolution},
  volume={10},
  number={2},
  pages={198--211},
  year={2019},
  publisher={Wiley Online Library}
}

@article{poggiato2021interpretations,
  title={On the interpretations of joint modeling in community ecology},
  author={Poggiato, Giovanni and M{\"u}nkem{\"u}ller, Tamara and Bystrova, Daria and Arbel, Julyan and Clark, James S and Thuiller, Wilfried},
  journal={Trends in ecology \& evolution},
  volume={36},
  number={5},
  pages={391--401},
  year={2021},
  publisher={Elsevier}
}

@article{wilkinson2021defining,
  title={Defining and evaluating predictions of joint species distribution models},
  author={Wilkinson, David P and Golding, Nick and Guillera-Arroita, Gurutzeta and Tingley, Reid and McCarthy, Michael A},
  journal={Methods in Ecology and Evolution},
  volume={12},
  number={3},
  pages={394--404},
  year={2021},
  publisher={Wiley Online Library}
}

@article{blanchet2020co,
  title={Co-occurrence is not evidence of ecological interactions},
  author={Blanchet, F Guillaume and Cazelles, Kevin and Gravel, Dominique},
  journal={Ecology Letters},
  volume={23},
  number={7},
  pages={1050--1063},
  year={2020},
  publisher={Wiley Online Library}
}

@article{hu2025introduction,
  title={Introduction to deep learning methods for multi-species predictions},
  author={Hu, Yuqing and Si-Moussi, Sara and Thuiller, Wilfried},
  journal={Methods in Ecology and Evolution},
  volume={16},
  number={1},
  pages={228--246},
  year={2025},
  publisher={Wiley Online Library}
}

@article{poggiato2025integrating,
  title={Integrating food webs in species distribution models can improve ecological niche estimation and predictions},
  author={Poggiato, Giovanni and Andr{\'e}oletti, J{\'e}r{\'e}my and Pollock, Laura J and Thuiller, Wilfried},
  journal={Ecography},
  pages={e07546},
  year={2025},
  publisher={Wiley Online Library}
}

@article{da2024towards,
  title={Towards causal relationships for modelling species distribution},
  author={Da Re, Daniele and Tordoni, Enrico and Lenoir, Jonathan and Rubin, Sergio and Vanwambeke, Sophie O},
  journal={Journal of Biogeography},
  volume={51},
  number={5},
  pages={840--852},
  year={2024},
  publisher={Wiley Online Library}
}

@article{pichler2020machine,
  title={Machine learning algorithms to infer trait-matching and predict species interactions in ecological networks},
  author={Pichler, Maximilian and Boreux, Virginie and Klein, Alexandra-Maria and Schleuning, Matthias and Hartig, Florian},
  journal={Methods in Ecology and Evolution},
  volume={11},
  number={2},
  pages={281--293},
  year={2020},
  publisher={Wiley Online Library}
}

@article{pollock2012role,
  title={The role of functional traits in species distributions revealed through a hierarchical model},
  author={Pollock, Laura J and Morris, William K and Vesk, Peter A},
  journal={Ecography},
  volume={35},
  number={8},
  pages={716--725},
  year={2012},
  publisher={Wiley Online Library}
}

@article{chalmandrier2022predictions,
  title={Predictions of biodiversity are improved by integrating trait-based competition with abiotic filtering},
  author={Chalmandrier, Lo{\"\i}c and Stouffer, Daniel B and Purcell, Adam ST and Lee, William G and Tanentzap, Andrew J and Laughlin, Daniel C},
  journal={Ecology Letters},
  volume={25},
  number={5},
  pages={1277--1289},
  year={2022},
  publisher={Wiley Online Library}
}

@article{karniadakis2021physics,
  title={Physics-informed machine learning},
  author={Karniadakis, George Em and Kevrekidis, Ioannis G and Lu, Lu and Perdikaris, Paris and Wang, Sifan and Yang, Liu},
  journal={Nature Reviews Physics},
  volume={3},
  number={6},
  pages={422--440},
  year={2021},
  publisher={Nature Publishing Group UK London}
}
